@InProceedings{MartinFTM01,
  author = {D. Martin and C. Fowlkes and D. Tal and J. Malik},
  title = {A Database of Human Segmented Natural Images and its
           Application to Evaluating Segmentation Algorithms and
           Measuring Ecological Statistics},
  booktitle = {Proc. 8th Int'l Conf. Computer Vision},
  year = {2001},
  month = {July},
  volume = {2},
  pages = {416--423}
}

@misc{dataset,
    title = {The Berkeley Segmentation Dataset and Benchmark},
    howpublished = {\url{https://www2.eecs.berkeley.edu/Research/Projects/CS/vision/grouping/segbench/}},
    author = {Arbelaez, Pablo and Martin, David and Fowlkes, Charless},
    year = {2007}
}

@article{error,
    author={Arganda-Carreras, Ignacio and Turaga, Srinivas C. and Berger, Daniel R. and Cireşan, Dan and Giusti, Alessandro and Gambardella, Luca M. and Schmidhuber, Jürgen and Laptev, Dmitry and Dwivedi, Sarvesh and Buhmann, Joachim M. and Liu, Ting and Seyedhosseini, Mojtaba and Tasdizen, Tolga and Kamentsky, Lee and Burget, Radim and Uher, Vaclav and Tan, Xiao and Sun, Changming and Pham, Tuan D. and Bas, Erhan and Uzunbas, Mustafa G. and Cardona, Albert and Schindelin, Johannes and Seung, H. Sebastian},
    title={Crowdsourcing the creation of image segmentation algorithms for connectomics},
    journal={Frontiers in Neuroanatomy},
    volume={9},
    pages={142},
    year={2015},
    url={https://www.frontiersin.org/article/10.3389/fnana.2015.00142},
    doi={10.3389/fnana.2015.00142},
    issn={1662-5129},
}

@article{kmeans,
    title = {K-means++: the advantages of careful seeding},
    author = {David Arthur and Sergei Vassilvitskii},
    year = {2007}
}

@article{kmeansRuntime,
    author = {Hartigan, J. A.; Wong, M. A. },
    title = {Algorithm AS 136: A k-Means Clustering Algorithm},
    journal = {Journal of the Royal Statistical Society},
    volume = {28},
    number = {100–108},
    year = {1979}
}

@misc{performance,
    title = {Boundary Detection Benchmark: Algorithm Ranking},
    howpublished = {\url{https://www2.eecs.berkeley.edu/Research/Projects/CS/vision/grouping/segbench/bench/html/algorithms.html}},
    author = {Arbelaez, Pablo and Martin, David and Fowlkes, Charless},
    year = {2013}
}

@article{felzen,
  author          = {Pedro F. Felzenszwalb and Daniel P. Huttenlocher},
  title           = {Efficient Graph-Based Image Segmentation},
  journal         = {International Journal of Computer Vision},
  volume          = {59},
  number          = {167-181},
  year            = {2004}
}
